@misc{ Wikipedia,
    title     = "Dijkstra's algorithm",
    note      = {\url{https://en.wikipedia.org/wiki/Dijkstra%27s_algorithm}},
	year = {2017}
}

@misc{ northwestern,
    title     = "northwestern",
    note      = {\url{http://www.cs.northwestern.edu/~riesbeck/programming/c++/stl-summary.html}},
	year = {2017}
}

@misc{ random,
    title     = "Pseudo-random number generation",
    note      = {\url{http://en.cppreference.com/w/cpp/numeric/random}},
	year = {2017}
}

